@article{Bracewell1979,
  author    = {Ronald N. Bracewell and Robert H. MacPhie},
  title     = {Searching for Nonsolar Planets},
  journal   = {Icarus},
  volume    = {38},
  number    = {1},
  pages     = {136--147},
  year      = {1979},
  month     = apr,
  doi       = {10.1016/0019-1035(79)90093-9}
}

@article{Martinache2018,
  author    = {Frantz Martinache and Michael J. Ireland},
  title     = {Kernel-Nulling for a Robust Direct Interferometric Detection of Extrasolar Planets},
  journal   = {Astronomy \& Astrophysics},
  volume    = {619},
  pages     = {A87},
  year      = {2018},
  doi       = {10.1051/0004-6361/201832847}
}

@article{Laugier2020,
  author    = {Romain Laugier and Nick Cvetojevic and Frantz Martinache},
  title     = {Kernel Nullers for an Arbitrary Number of Apertures},
  journal   = {Astronomy \& Astrophysics},
  volume    = {642},
  pages     = {A202},
  year      = {2020},
  month     = oct,
  doi       = {10.1051/0004-6361/202038866}
}

@misc{Cvetojevic2022,
  author    = {N. Cvetojevic and others},
  title     = {3-beam self-calibrated Kernel nulling photonic interferometer},
  year      = {2022},
  note      = {Preprint},
  eprint    = {2206.04977},
  archivePrefix = {arXiv},
  primaryClass = {astro-ph.IM},
  url       = {http://arxiv.org/abs/2206.04977}
}

@article{Lay2004,
  author    = {O. P. Lay},
  title     = {Systematic errors in nulling interferometers},
  journal   = {Applied Optics},
  volume    = {43},
  pages     = {6100--6123},
  year      = {2004},
  doi       = {10.1364/AO.43.006100}
}

@article{Chingaipe2023,
  author    = {P. M. Chingaipe and others},
  title     = {High-contrast detection of exoplanets with a kernel-nuller at the VLTI},
  journal   = {Astronomy \& Astrophysics},
  volume    = {676},
  pages     = {A43},
  year      = {2023},
  doi       = {10.1051/0004-6361/202346118}
}

@article{Angel1997,
  author    = {J. R. P. Angel and N. J. Woolf},
  title     = {An Imaging Nulling Interferometer to Study Extrasolar Planets},
  journal   = {The Astrophysical Journal},
  volume    = {475},
  number    = {1},
  pages     = {373--379},
  year      = {1997},
  doi       = {10.1086/303529}
}

@article{Hanot2011,
  author    = {C. Hanot and B. Mennesson and S. Martin and K. Liewer and F. Loya and D. Mawet and P. Riaud and O. Absil and E. Serabyn},
  title     = {Improving Interferometric Null Depth Measurements Using Statistical Distributions: Theory and First Results with the Palomar Fiber Nuller},
  journal   = {The Astrophysical Journal},
  volume    = {729},
  number    = {2},
  pages     = {110},
  year      = {2011},
  doi       = {10.1088/0004-637X/729/2/110},
  publisher = {The American Astronomical Society},
  url       = {10.1088/0004-637X/729/2/110}
}